@misc{Bruker1,
author = {Bruker Optik},
title = {TENSOR II User Manual, 2nd edition},
year  = {2016},
publisher = {Bruker Optiks},
note = {Digital copy located on the desktop of the computer connected to the TENSOR II FT-IR in lab E580A. The user manual is unavailable online, but can be requested from Bruker Customer Support.}
}

@article{Satoshi1,
author = "Satoshi   Takahama  and  Anita   Johnson  and  Lynn M.   Russell",
title = {Quantification of Carboxylic and Carbonyl Functional Groups in Organic Aerosol Infrared Absorbance Spectra},
journal = {Aerosol Science and Technology},
volume = "47",
number = "3",
pages = "310-325",
year  = "2013",
publisher = "Taylor & Francis",
doi = "10.1080/02786826.2012.752065",
URL = "https://doi.org/10.1080/02786826.2012.752065",
eprint = "https://doi.org/10.1080/02786826.2012.752065"
}

@Article{Kuzmiakova1,
AUTHOR = {Kuzmiakova, A. and Dillner, A. M. and Takahama, S.},
TITLE = {An automated baseline correction protocol for infrared spectra of atmospheric aerosols collected on polytetrafluoroethylene (Teflon) filters},
JOURNAL = {Atmospheric Measurement Techniques},
VOLUME = {9},
YEAR = {2016},
NUMBER = {6},
PAGES = {2615--2631},
URL = {https://www.atmos-meas-tech.net/9/2615/2016/},
DOI = {10.5194/amt-9-2615-2016}
}

@Article{Reggente1,
AUTHOR = {Reggente, M. and Dillner, A. M. and Takahama, S.},
TITLE = {Predicting ambient aerosol thermal--optical reflectance (TOR) measurements from infrared spectra: extending the predictions to different years and different sites},
JOURNAL = {Atmospheric Measurement Techniques},
VOLUME = {9},
YEAR = {2016},
NUMBER = {2},
PAGES = {441--454},
URL = {https://www.atmos-meas-tech.net/9/441/2016/},
DOI = {10.5194/amt-9-441-2016}
}